@article{wold_principal_1987,
  title   = {Principal component analysis},
  journal = {Chemometrics and Intelligent Laboratory Systems},
  volume  = {2},
  number  = {1},
  pages   = {37-52},
  year    = {1987},
  note    = {Proceedings of the Multivariate Statistical Workshop for Geologists and Geochemists},
  issn    = {0169-7439},
  doi     = {https://doi.org/10.1016/0169-7439(87)80084-9},
  url     = {https://www.sciencedirect.com/science/article/pii/0169743987800849},
  author  = {Svante Wold and Kim Esbensen and Paul Geladi}
}




@misc{yu_contrastive_2020,
  title         = {Contrastive Unsupervised Learning for Audio Fingerprinting},
  author        = {Zhesong Yu and Xingjian Du and Bilei Zhu and Zejun Ma},
  year          = {2020},
  eprint        = {2010.13540},
  archiveprefix = {arXiv},
  primaryclass  = {cs.SD}
}




@inproceedings{tian_cheng_comparing_2018,
  title     = {Comparing RNN Parameters for Melodic Similarity},
  author    = {Tian Cheng and Satoru Fukayama and M. Goto},
  booktitle = {ISMIR},
  year      = {2018}
}


@book{book,
  author = {Müller, Meinard},
  year   = {2015},
  month  = {01},
  pages  = {},
  title  = {Fundamentals of Music Processing},
  isbn   = {978-3-319-21944-8},
  doi    = {10.1007/978-3-319-21945-5}
}



@article{jiang_yang_chen_2020,
  title   = {Similarity Learning For Cover Song Identification Using Cross-Similarity Matrices of Multi-Level Deep Sequences},
  doi     = {10.1109/icassp40776.2020.9053257},
  journal = {ICASSP 2020 - 2020 IEEE International Conference on Acoustics, Speech and Signal Processing (ICASSP)},
  author  = {Jiang, Chaoya and Yang, Deshun and Chen, Xiaoou},
  year    = {2020}
}




@article{baez_suarez_unsupervised_2020,
  author  = {Báez-Suárez, Abraham and Shah, Nolan and Nolazco, Juan and Huang, Shou-Hsuan and Gnawali, Omprakash and Shi, Weidong},
  year    = {2020},
  month   = {05},
  pages   = {1-23},
  title   = {SAMAF: Sequence-to-sequence Autoencoder Model for Audio Fingerprinting},
  volume  = {16},
  journal = {ACM Transactions on Multimedia Computing, Communications, and Applications},
  doi     = {10.1145/3380828}
}




@inproceedings{arcas_now_2017,
  title     = {Now Playing: Continuous low-power music recognition},
  author    = {Beat Gfeller and Blaise Aguera-Arcas and Dominik Roblek and James David Lyon and Julian James Odell and Kevin Kilgour and Marvin Ritter and Matt Sharifi and Mihajlo Velimirović and Ruiqi Guo and Sanjiv Kumar},
  year      = {2017},
  booktitle = {NIPS 2017 Workshop: Machine Learning on the Phone}
}




@article{complex_dynamics,
  author    = { Jean‐Pierre   Boon  and  Alain   Noullez  and  Corinne   Mommen },
  title     = {Complex dynamics and musical structure},
  journal   = {Interface},
  volume    = {19},
  number    = {1},
  pages     = {3-14},
  year      = {1990},
  publisher = {Routledge},
  doi       = {10.1080/09298219008570553},
  url       = {https://doi.org/10.1080/09298219008570553},
  eprint    = {https://doi.org/10.1080/09298219008570553}
}



@article{sift,
  author  = {Zhang, Xiu and Zhu, Bilei and Li, Linwei and Li, Wei and Li, Xiaoqiang and Wang, Wei and Lu, Peizhong and Zhang, Wenqiang},
  year    = {2015},
  month   = {12},
  pages   = {},
  title   = {SIFT-based local spectrogram image descriptor: a novel feature for robust music identification},
  volume  = {2015},
  journal = {EURASIP Journal on Audio, Speech, and Music Processing},
  doi     = {10.1186/s13636-015-0050-0}
}



@inproceedings{computer_vision_for_music_identification,
  author    = {Yan Ke and Hoiem, D. and Sukthankar, R.},
  booktitle = {2005 IEEE Computer Society Conference on Computer Vision and Pattern Recognition (CVPR'05)},
  title     = {Computer vision for music identification},
  year      = {2005},
  volume    = {1},
  number    = {},
  pages     = {597-604 vol. 1},
  doi       = {10.1109/CVPR.2005.105}
}




@article{dynamic_process_modeling_with_rnn,
  author  = {You, Yong and Nikolaou, Michael},
  title   = {Dynamic process modeling with recurrent neural networks},
  journal = {AIChE Journal},
  volume  = {39},
  number  = {10},
  pages   = {1654-1667},
  doi     = {https://doi.org/10.1002/aic.690391009},
  url     = {https://aiche.onlinelibrary.wiley.com/doi/abs/10.1002/aic.690391009},
  eprint  = {https://aiche.onlinelibrary.wiley.com/doi/pdf/10.1002/aic.690391009},
  year    = {1993}
}